@article{1806.01261,
	title        = {Relational inductive biases, deep learning, and graph networks},
	author       = {Peter Battaglia and Jessica Blake Chandler Hamrick and Victor Bapst and Alvaro Sanchez and Vinicius Zambaldi and Mateusz Malinowski and Andrea Tacchetti and David Raposo and Adam Santoro and Ryan Faulkner and Caglar Gulcehre and Francis Song and Andy Ballard and Justin Gilmer and George E. Dahl and Ashish Vaswani and Kelsey Allen and Charles Nash and Victoria Jayne Langston and Chris Dyer and Nicolas Heess and Daan Wierstra and Pushmeet Kohli and Matt Botvinick and Oriol Vinyals and Yujia Li and Razvan Pascanu},
	year         = 2018,
	journal      = {arXiv}
}
@article{2106.11911,
	title        = {Residual Networks as Flows of Velocity Fields for Diffeomorphic Time Series Alignment},
	author       = {Hao Huang and Boulbaba Ben Amor and Xichan Lin and Fan Zhu and Yi Fang},
	year         = 2021,
	journal      = {CoRR},
	volume       = {abs/2106.11911},
	eprinttype   = {arXiv},
	eprint       = {2106.11911}
}
@article{2108.05634,
	title        = {Registration for Incomplete Non-Gaussian Functional Data},
	author       = {Bauer, Alexander  and Scheipl, Fabian and K\"uchenhoff, Helmut and Gabriel, Alice-Agnes},
	year         = 2021,
	journal      = {under review},
}
@book{adams2003sobolev,
	title        = {Sobolev spaces},
	author       = {Adams, Robert A and Fournier, John JF},
	year         = 2003,
	publisher    = {Elsevier}
}
@book{advancedStructuredPrediction2014MIT,
	title        = {Advanced Structured Prediction},
	author       = {Nowozin, Sebastian and Gehler, Peter V. and Jancsary, Jeremy and Lampert, Christoph H.},
	year         = 2014,
	booktitle    = {Advanced Structured Prediction},
	publisher    = {MIT Press},
	series       = {Neural Information Processing Series},
	pages        = 432
}
@inproceedings{align-incomparable,
	title        = {Aligning Time Series on Incomparable Spaces},
	author       = {Cohen, Samuel and Luise, Giulia and Terenin, Alexander and Amos, Brandon and Deisenroth, Marc},
	year         = 2021,
	booktitle    = {Proceedings of The 24th International Conference on Artificial Intelligence and Statistics (AISTATS)}
}
@book{aliprantis1998principles,
	title        = {Principles of real analysis},
	author       = {Aliprantis, Charalambos D and Burkinshaw, Owen},
	year         = 1998,
	publisher    = {Gulf Professional Publishing}
}
@article{alphafold,
	title        = {Improved protein structure prediction using potentials from deep learning},
	author       = {Senior, Andrew W. and Evans, Richard and Jumper, John and Kirkpatrick, James and Sifre, Laurent and Green, Tim and Qin, Chongli and {\v{Z}}{\'i}dek, Augustin and Nelson, Alexander W. R. and Bridgland, Alex and Penedones, Hugo and Petersen, Stig and Simonyan, Karen and Crossan, Steve and Kohli, Pushmeet and Jones, David T. and Silver, David and Kavukcuoglu, Koray and Hassabis, Demis},
	year         = 2020,
	day          = {01},
	journal      = {Nature},
	volume       = 577,
	number       = 7792,
	pages        = {706--710}
}
@article{aronszajn1950theory,
	title        = {Theory of reproducing kernels},
	author       = {Aronszajn, Nachman},
	year         = 1950,
	journal      = {Transactions of the American mathematical society},
	volume       = 68,
	number       = 3,
	pages        = {337--404}
}
@article{atar1,
	title        = {Exponential stability for nonlinear filtering},
	author       = {Rami Atar and Ofer Zeitouni},
	year         = 1997,
	journal      = {Annales de l'Institut Henri Poincare (B) Probability and Statistics},
	volume       = 33,
	number       = 6,
	pages        = {697--725}
}
@book{bakir2007predicting,
	title        = {{Predicting Structured Data}},
	author       = {Bakir, Gökhan and Hofmann, Thomas and Schölkopf, Bernhard and Smola, Alexander J. and Taskar, Ben and Vishwanathan, S.V.N},
	year         = 2007,
	publisher    = {The MIT Press}
}
@inproceedings{bietti,
	title        = {On the Sample Complexity of Learning under Invariance and Geometric Stability},
	author       = {Alberto Bietti and Luca Venturi and Joan Bruna},
	year         = 2021,
	series       = {Advances in Neural Information Processing Systems},
	pages        = {18673--18684},
}
@article{blanchard,
	title        = {Optimal Rates for Regularization of Statistical Inverse Learning Problems},
	author       = {Blanchard, Gilles and M{\"u}cke, Nicole},
	year         = 2018,
	day          = {01},
	journal      = {Foundations of Computational Mathematics},
	volume       = 18,
	number       = 4,
	pages        = {971--1013}
}
@article{bourdaud2011composition,
	title        = {Composition Operators on Function Spaces with Fractional Order of Smoothness},
	author       = {Bourdaud, G{\'e}rard and Sickel, Winfried},
	year         = 2011,
	journal      = {Harmonic Analysis and Nonlinear Partial Differential Equations},
	volume       = 26,
	pages        = {93--132}
}
@article{bronstein,
	title        = {Geometric Deep Learning: Grids, Groups, Graphs, Geodesics, and Gauges},
	author       = {Michael M. Bronstein and Joan Bruna and Taco Cohen and Petar Velickovic},
	year         = 2021,
	journal      = {CoRR},
	volume       = {abs/2104.13478},
	eprinttype   = {arXiv},
	eprint       = {2104.13478}
}
@inbook{bruna-book,
	title        = {The Scattering Transform},
	author       = {Bruna, Joan},
	year         = 2022,
	booktitle    = {Mathematical Aspects of Deep Learning},
	publisher    = {Cambridge University Press},
	pages        = {338–399},
	place        = {Cambridge}
}
@article{bruna2013invariant,
	title        = {Invariant Scattering Convolution Networks},
	author       = {Bruna, Joan and Mallat, Stéphane},
	year         = 2013,
	journal      = {IEEE Transactions on Pattern Analysis and Machine Intelligence},
	volume       = 35,
	number       = 8,
	pages        = {1872--1886}
}
@article{bruveris2017regularity,
	title        = {Regularity of maps between Sobolev spaces},
	author       = {Bruveris, Martins},
	year         = 2017,
	journal      = {Annals of Global Analysis and Geometry},
	publisher    = {Springer},
	volume       = 52,
	number       = 1,
	pages        = {11--24}
}
@book{cappehmm,
	title        = {Inference in Hidden Markov Models (Springer Series in Statistics)},
	author       = {Capp\'{e}, Olivier and Moulines, Eric and Ryden, Tobias},
	year         = 2005,
	publisher    = {Springer-Verlag},
	address      = {Berlin, Heidelberg},
	isbn         = {0387402640}
}
@inproceedings{cdtw,
	title        = {{Computing Continuous Dynamic Time Warping of Time Series in Polynomial Time}},
	author       = {Buchin, Kevin and Nusser, Andr\'{e} and Wong, Sampson},
	year         = 2022,
	booktitle    = {38th International Symposium on Computational Geometry (SoCG 2022)},
	publisher    = {Schloss Dagstuhl -- Leibniz-Zentrum f{\"u}r Informatik},
	address      = {Dagstuhl, Germany},
	series       = {Leibniz International Proceedings in Informatics (LIPIcs)},
	volume       = 224,
	pages        = {22:1--22:16},
	isbn         = {978-3-95977-227-3},
	urn          = {urn:nbn:de:0030-drops-160307},
	annote       = {Keywords: Computational Geometry, Curve Similarity, Fr\'{e}chet distance, Dynamic Time Warping, Continuous Dynamic Time Warping}
}
@inbook{chigansky,
	title        = {Intrinsic methods in filter stability},
	author       = {Chigansky, P. and Liptser, R. and Van Handel, R.},
	year         = 2011,
	booktitle    = {The Oxford handbook of nonlinear filtering},
	publisher    = {Oxford Univ. Press, Oxford},
	series       = {The Oxford handbook of nonlinear filtering}
}
@inproceedings{CKN,
	title        = {Convolutional Kernel Networks},
	author       = {Mairal, Julien and Koniusz, Piotr and Harchaoui, Zaid and Schmid, Cordelia},
	year         = 2014,
	booktitle    = {Advances in Neural Information Processing Systems},
	volume       = 27
}
@article{CKNInvariance,
	title        = {Group Invariance, Stability to Deformations, and Complexity of Deep Convolutional Representations},
	author       = {Alberto Bietti and Julien Mairal},
	year         = 2019,
	journal      = {Journal of Machine Learning Research},
	volume       = 20,
	number       = 25,
	pages        = {1--49}
}
@misc{cohen,
	title        = {Hyperbolic contractivity and the Hilbert metric on probability measures},
	author       = {Samuel N. Cohen and Eliana Fausti},
	year         = 2023,
	eprint       = {2309.02413},
	archiveprefix = {arXiv},
	primaryclass = {math.PR}
}
@article{curve-moments,
	title        = {{Curve alignment by moments}},
	author       = {Gareth M. James},
	year         = 2007,
	journal      = {The Annals of Applied Statistics},
	publisher    = {Institute of Mathematical Statistics},
	volume       = 1,
	number       = 2,
	pages        = {480 -- 501}
}
@article{dba-petitjean,
	title        = {A global averaging method for dynamic time warping, with applications to clustering},
	author       = {François Petitjean and Alain Ketterlin and Pierre Gançarski},
	year         = 2011,
	journal      = {Pattern Recognition},
	volume       = 44,
	number       = 3,
	pages        = {678--693}
}
@article{decastro2017,
	title        = {Consistent Estimation of the Filtering and Marginal Smoothing Distributions in Nonparametric Hidden Markov Models},
	author       = {De Castro, Yohann and Gassiat, Élisabeth and Le Corff, Sylvain},
	year         = 2017,
	journal      = {IEEE Transactions on Information Theory},
	volume       = 63,
	number       = 8,
	pages        = {4758--4777}
}
@article{decoste2002training,
	title        = {Training invariant support vector machines},
	author       = {DeCoste, Dennis and Sch{\"o}lkopf, Bernhard},
	year         = 2002,
	journal      = {Machine learning},
	publisher    = {Springer},
	volume       = 46,
	number       = 1,
	pages        = {161--190}
}
@inproceedings{deepmind-traffic,
	title        = {ETA Prediction with Graph Neural Networks in Google Maps},
	author       = {Derrow-Pinion, Austin and She, Jennifer and Wong, David and Lange, Oliver and Hester, Todd and Perez, Luis and Nunkesser, Marc and Lee, Seongjae and Guo, Xueying and Wiltshire, Brett and Battaglia, Peter W. and Gupta, Vishal and Li, Ang and Xu, Zhongwen and Sanchez-Gonzalez, Alvaro and Li, Yujia and Velickovic, Petar},
	year         = 2021,
	booktitle    = {Proceedings of the 30th ACM International Conference on Information \& Knowledge Management},
	location     = {Virtual Event, Queensland, Australia},
	publisher    = {Association for Computing Machinery},
	address      = {New York, NY, USA},
	series       = {Cikm '21},
	pages        = {3767–3776},
	numpages     = 10
}
@inproceedings{diff-dtw,
	title        = {Differentiable Divergences Between Time Series},
	author       = {Blondel, Mathieu and Mensch, Arthur and Vert, Jean-Philippe},
	year         = 2021,
	booktitle    = {Proceedings of The 24th International Conference on Artificial Intelligence and Statistics (AISTATS)}
}
@article{drineas2005nystrom,
	title        = {On the {Nystr{\"o}m} Method for Approximating a {Gram} Matrix for Improved Kernel-Based Learning.},
	author       = {Drineas, Petros and Mahoney, Michael W and Cristianini, Nello},
	year         = 2005,
	journal      = {journal of machine learning research},
	volume       = 6,
	number       = 12
}
@inproceedings{dtan,
	title        = {Diffeomorphic Temporal Alignment Nets},
	author       = {Shapira Weber, Ron A and Eyal, Matan and Skafte, Nicki and Shriki, Oren and Freifeld, Oren},
	year         = 2019,
	booktitle    = {Advances in Neural Information Processing Systems},
	publisher    = {Curran Associates, Inc.},
	volume       = 32
}
@article{dtw,
	title        = {Dynamic programming algorithm optimization for spoken word recognition},
	author       = {Sakoe, H. and Chiba, S.},
	year         = 1978,
	journal      = {IEEE Transactions on Acoustics, Speech, and Signal Processing},
	volume       = 26,
	number       = 1,
	pages        = {43--49}
}
@inproceedings{dtw-baseline-1,
	title        = {Dynamic Time Warping: Itakura vs Sakoe-Chiba},
	author       = {Geler, Zoltan and Kurbalija, Vladimir and Ivanović, Mirjana and Radovanović, Miloš and Dai, Weihui},
	year         = 2019,
	booktitle    = {2019 IEEE International Symposium on INnovations in Intelligent SysTems and Applications (INISTA)},
	pages        = {1--6}
}
@article{dtw-baseline-2,
	title        = {Deep learning for time series classification: a review},
	author       = {Ismail Fawaz, Hassan and Forestier, Germain and Weber, Jonathan and Idoumghar, Lhassane and Muller, Pierre-Alain},
	year         = 2019,
	journal      = {Data Min. Knowl. Discov.},
	publisher    = {Kluwer Academic Publishers},
	address      = {Usa},
	volume       = 33,
	number       = 4,
	pages        = {917–963},
	issue_date   = {Jul 2019},
	numpages     = 47
}
@article{dtw-gesture,
	title        = {Multi-dimensional dynamic time warping for gesture recognition},
	author       = {ten Holt, Gineke and Reinders, Marcel and Hendriks, Emile},
	year         = 2007,
	journal      = {Annual Conference of the Advanced School for Computing and Imaging}
}
@inproceedings{duchi2010,
	title        = {On the consistency of ranking algorithms},
	author       = {Duchi, John C. and Mackey, Lester W. and Jordan, Michael I.},
	year         = 2010,
	booktitle    = {Proceedings of the 27th International Conference on International Conference on Machine Learning},
	location     = {Haifa, Israel},
	publisher    = {Omnipress},
	address      = {Madison, WI, USA},
	series       = {Icml'10},
	pages        = {327–334},
	numpages     = 8
}
@article{Durrleman2013,
	title        = {Toward a Comprehensive Framework for the Spatiotemporal Statistical Analysis of Longitudinal Shape Data},
	author       = {Durrleman, Stanley and Pennec, Xavier and Trouv{\'e}, Alain and Braga, Jos{\'e} and Gerig, Guido and Ayache, Nicholas},
	year         = 2013,
	day          = {01},
	journal      = {International Journal of Computer Vision},
	volume       = 103,
	number       = 1,
	pages        = {22--59}
}
@unpublished{fabian,
	title        = {{PROXQP: an Efficient and Versatile Quadratic Programming Solver for Real-Time Robotics Applications and Beyond}},
	author       = {Bambade, Antoine and Schramm, Fabian and Kazdadi, Sarah El and Caron, St{\'e}phane and Taylor, Adrien and Carpentier, Justin},
	year         = 2023,
	pdf          = {https://inria.hal.science/hal-04198663v2/file/ProxQP.pdf},
	hal_id       = {hal-04198663},
	hal_version  = {v2}
}
@inproceedings{falkon,
	title        = {FALKON: An Optimal Large Scale Kernel Method},
	author       = {Rudi, Alessandro and Carratino, Luigi and Rosasco, Lorenzo},
	year         = 2017,
	booktitle    = {Advances in Neural Information Processing Systems},
	publisher    = {Curran Associates, Inc.},
	volume       = 30
}
@inproceedings{frechet-clustering,
	title        = {Clustering time series under the fr\'{e}achet distance},
	author       = {Driemel, Anne and Krivo\v{s}ija, Amer and Sohler, Christian},
	year         = 2016,
	booktitle    = {Proceedings of the Twenty-Seventh Annual ACM-SIAM Symposium on Discrete Algorithms},
	location     = {Arlington, Virginia},
	publisher    = {Society for Industrial and Applied Mathematics},
	address      = {Usa},
	series       = {Soda '16},
	pages        = {766–785},
	isbn         = 9781611974331,
	numpages     = 20
}
@inproceedings{gaspard,
	title        = {GloptiNets: Scalable Non-Convex Optimization with Certificates},
	author       = {Gaspard Beugnot and Julien Mairal and Alessandro Rudi},
	year         = 2023,
	booktitle    = {Thirty-seventh Conference on Neural Information Processing Systems}
}
@article{gordon-pf,
	title        = {Novel approach to nonlinear/non-Gaussian Bayesian state estimation},
	author       = {N.J. Gordon},
	year         = 1993,
	journal      = {IEE Proceedings F (Radar and Signal Processing)},
	volume       = 140,
	pages        = {107--113(6)},
	copyright    = {© The Institution of Electrical Engineers},
	issue        = 2
}
@article{haasdonk2007invariant,
	title        = {Invariant kernel functions for pattern analysis and machine learning},
	author       = {Haasdonk, Bernard and Burkhardt, Hans},
	year         = 2007,
	journal      = {Machine learning},
	publisher    = {Springer},
	volume       = 68,
	number       = 1,
	pages        = {35--61}
}
@article{kalman-bucy,
	title        = {New Results in Linear Filtering and Prediction Theory},
	author       = {Rudolf E. K{\'a}lm{\'a}n and Richard S. Bucy},
	year         = 1961,
	journal      = {Journal of Basic Engineering},
	volume       = 83,
	pages        = {95--108}
}
@thesis{kim2022duality,
	title        = {Duality for nonlinear filtering},
	author       = {Jin Won Kim},
	year         = 2022,
	school       = {University of Illinois Urbana-Champaign}
}
@article{kondor2008group,
	title        = {Group theoretical methods in machine learning},
	author       = {Kondor, Imre Risi},
	year         = 2008,
	journal      = {PhD thesis},
	publisher    = {Columbia University}
}
@inproceedings{kunita,
	title        = {Asymptotic behavior of nonlinear filters},
	author       = {Blankenship, G. L. and Hopkins, W. E. and Marcus, S. I.},
	year         = 1981,
	booktitle    = {1981 20th IEEE Conference on Decision and Control including the Symposium on Adaptive Processes},
	pages        = {89--89}
}
@article{lbfgs,
	title        = {On the limited memory BFGS method for large scale optimization},
	author       = {Liu, Dong C. and Nocedal, Jorge},
	year         = 1989,
	journal      = {Math. Program.},
	publisher    = {Springer-Verlag},
	address      = {Berlin, Heidelberg},
	volume       = 45,
	number       = {1–3},
	pages        = {503–528},
	issue_date   = {August    1989},
	numpages     = 26
}
@book{lee,
	title        = {Quadratic Programming and Affine Variational Inequalities},
	author       = {Gue Myung Lee and Nguyen Nang Tam and Nguyen Dong Yen},
	year         = 2005
}
@inproceedings{legland99,
	title        = {Stability and approximation of nonlinear filters: an information theoretic approach},
	author       = {Fran{\c{c}}ois {Le Gland}},
	year         = 1999,
	booktitle    = {Proceedings of the 38th IEEE Conference on Decision and Control (Cat. No.99CH36304)},
	volume       = 2,
	pages        = {1889--1894 vol.2}
}
@inproceedings{less-is-more,
	title        = {Less is More: Nystr\"{o}m Computational Regularization},
	author       = {Rudi, Alessandro and Camoriano, Raffaello and Rosasco, Lorenzo},
	year         = 2015,
	booktitle    = {Advances in Neural Information Processing Systems},
	publisher    = {Curran Associates, Inc.},
	volume       = 28
}
@article{mallat-scattering,
	title        = {Group Invariant Scattering},
	author       = {Mallat, Stéphane},
	year         = 2012,
	journal      = {Communications on Pure and Applied Mathematics},
	volume       = 65,
	number       = 10,
	pages        = {1331--1398},
	eprint       = {https://onlinelibrary.wiley.com/doi/pdf/10.1002/cpa.21413}
}
@inproceedings{martinez22a,
	title        = {Closed-Form Diffeomorphic Transformations for Time Series Alignment},
	author       = {Martinez, I{\~n}igo and Viles, Elisabeth and Olaizola, Igor G.},
	year         = 2022,
	booktitle    = {Proceedings of the 39th International Conference on Machine Learning},
	publisher    = {Pmlr},
	series       = {Proceedings of Machine Learning Research},
	volume       = 162,
	pages        = {15122--15158},
	pdf          = {https://proceedings.mlr.press/v162/martinez22a/martinez22a.pdf}
}
@article{mcdonald2020,
	title        = {{Exponential filter stability via Dobrushin’s coefficient}},
	author       = {Curtis McDonald and Serdar Y{\"u}ksel},
	year         = 2020,
	journal      = {Electronic Communications in Probability},
	publisher    = {Institute of Mathematical Statistics and Bernoulli Society},
	volume       = 25,
	number       = {none},
	pages        = {1 -- 13}
}
@report{mitchell-inductive,
	title        = {{The Need for Biases in Learning Generalizations}},
	author       = {{Tom Mitchell}},
	year         = 1980,
	institution  = {{Departement of Computer Science, Laboratory for Computer Science Research, Rutgers University}}
}
@article{mitrophanov-hmm-stability-2005,
	title        = {Sensitivity of hidden Markov models},
	author       = {Mitrophanov, Alexander Yu. and Lomsadze, Alexandre and Borodovsky, Mark},
	year         = 2005,
	journal      = {Journal of Applied Probability},
	publisher    = {Cambridge University Press},
	volume       = 42,
	number       = 3,
	pages        = {632–642}
}
@inproceedings{mroueh2015,
	title        = {Learning with Group Invariant Features: A Kernel Perspective.},
	author       = {Mroueh, Youssef and Voinea, Stephen and Poggio, Tomaso A},
	year         = 2015,
	booktitle    = {Advances in Neural Information Processing Systems},
	volume       = 28
}
@article{narcowich2005sobolev,
	title        = {Sobolev bounds on functions with scattered zeros, with applications to radial basis function surface fitting},
	author       = {Narcowich, Francis and Ward, Joseph and Wendland, Holger},
	year         = 2005,
	journal      = {Mathematics of Computation},
	volume       = 74,
	number       = 250,
	pages        = {743--763}
}
@article{ocone,
	title        = {Asymptotic Stability of the Optimal Filter with Respect to Its Initial Condition},
	author       = {Ocone, Daniel and Pardoux, Etienne},
	year         = 1996,
	journal      = {SIAM Journal on Control and Optimization},
	volume       = 34,
	number       = 1,
	pages        = {226--243},
	eprint       = {https://doi.org/10.1137/S0363012993256617}
}
@inproceedings{oh-invariances-clinical,
	title        = {Learning to Exploit Invariances in Clinical Time-Series Data using Sequence Transformer Networks},
	author       = {Oh, Jeeheh and Wang, Jiaxuan and Wiens, Jenna},
	year         = 2018,
	booktitle    = {Proceedings of the 3rd Machine Learning for Healthcare Conference},
	publisher    = {Pmlr},
	series       = {Proceedings of Machine Learning Research},
	volume       = 85,
	pages        = {332--347},
	pdf          = {http://proceedings.mlr.press/v85/oh18a/oh18a.pdf}
}
@book{oppenheim99,
	title        = {Discrete-Time Signal Processing},
	author       = {Oppenheim, Alan V. and Schafer, Ronald W. and Buck, John R.},
	year         = 1999,
	publisher    = {Prentice-hall Englewood Cliffs},
	edition      = {Second}
}
@inproceedings{optnet,
	title        = {OptNet: differentiable optimization as a layer in neural networks},
	author       = {Amos, Brandon and Kolter, J. Zico},
	year         = 2017,
	booktitle    = {Proceedings of the 34th International Conference on Machine Learning - Volume 70},
	location     = {Sydney, NSW, Australia},
	publisher    = {JMLR.org},
	series       = {Icml'17},
	pages        = {136–145},
	numpages     = 10
}
@inproceedings{ortiz-ieee,
	title        = {Heart sound classification based on temporal alignment techniques},
	author       = {González Ortiz, José Javier and Phoo, Cheng Perng and Wiens, Jenna},
	year         = 2016,
	booktitle    = {2016 Computing in Cardiology Conference (CinC)},
	pages        = {589--592}
}
@article{oudjane,
	title        = {{Stability and uniform approximation of nonlinear filters using the Hilbert metric and application to particle filters}},
	author       = {Fran{\c{c}}ois {Le Gland} and Nadia Oudjane},
	year         = 2004,
	journal      = {The Annals of Applied Probability},
	publisher    = {Institute of Mathematical Statistics},
	volume       = 14,
	number       = 1,
	pages        = {144 -- 187}
}
@article{pavf,
	title        = {Transformations Based on Continuous Piecewise-Affine Velocity Fields},
	author       = {Freifeld, Oren and Hauberg, Søren and Batmanghelich, Kayhan and Fisher, Jonn W.},
	year         = 2017,
	journal      = {IEEE Transactions on Pattern Analysis and Machine Intelligence},
	volume       = 39,
	number       = 12,
	pages        = {2496--2509}
}
@unpublished{QP-Layer,
	title        = {{QPLayer: efficient differentiation of convex quadratic optimization}},
	author       = {Bambade, Antoine and Schramm, Fabian and Taylor, Adrien and Carpentier, Justin},
	year         = 2023,
	pdf          = {https://inria.hal.science/hal-04133055/file/QPLayer_Preprint.pdf},
	hal_id       = {hal-04133055},
	hal_version  = {v1}
}
@misc{qpax,
	title        = {On the Differentiability of the Primal-Dual Interior-Point Method},
	author       = {Kevin Tracy and Zachary Manchester},
	year         = 2024,
	eprint       = {2406.11749},
	archiveprefix = {arXiv},
	primaryclass = {math.OC}
}
@article{registration1,
	title        = {Registration of Translated and Rotated Images Using Finite {Fourier} Transforms},
	author       = {De Castro, E. and Morandi, C.},
	year         = 1987,
	journal      = {IEEE Transactions on Pattern Analysis and Machine Intelligence},
	volume       = {Pami-9},
	number       = 5,
	pages        = {700--703}
}
@article{registration2,
	title        = {An {FFT}-based technique for translation, rotation, and scale-invariant image registration},
	author       = {Reddy, B.S. and Chatterji, B.N.},
	year         = 1996,
	journal      = {IEEE Transactions on Image Processing},
	volume       = 5,
	number       = 8,
	pages        = {1266--1271}
}
@inproceedings{rudi2015less,
	title        = {Less is More: Nystr{\"o}m Computational Regularization.},
	author       = {Rudi, Alessandro and Camoriano, Raffaello and Rosasco, Lorenzo},
	year         = 2015,
	booktitle    = {Nips},
	pages        = {1657--1665}
}
@article{rudi2020finding,
	title        = {Finding Global Minima via Kernel Approximations},
	author       = {Rudi, Alessandro and Marteau-Ferey, Ulysse and Bach, Francis},
	year         = 2020,
	journal      = {arXiv preprint arXiv:2012.11978}
}
@article{rudi2021psd,
	title        = {{PSD} representations for effective probability models},
	author       = {Rudi, Alessandro and Ciliberto, Carlo},
	year         = 2021,
	journal      = {Advances in Neural Information Processing Systems},
	volume       = 34
}
@book{runst2011sobolev,
	title        = {Sobolev spaces of fractional order, Nemytskij operators, and nonlinear partial differential equations},
	author       = {Runst, Thomas and Sickel, Winfried},
	year         = 2011,
	publisher    = {de Gruyter}
}
@inproceedings{sampling-ulysse,
	title        = {Sampling from Arbitrary Functions via PSD Models},
	author       = {Marteau-Ferey, Ulysse and Bach, Francis and Rudi, Alessandro},
	year         = 2022,
	booktitle    = {Proceedings of The 25th International Conference on Artificial Intelligence and Statistics},
	publisher    = {Pmlr},
	series       = {Proceedings of Machine Learning Research},
	volume       = 151,
	pages        = {2823--2861},
	pdf          = {https://proceedings.mlr.press/v151/marteau-ferey22a/marteau-ferey22a.pdf}
}
@book{sarkka,
	title        = {Bayesian Filtering and Smoothing},
	author       = {Särkkä, Simo},
	year         = 2013,
	publisher    = {Cambridge University Press},
	series       = {Institute of Mathematical Statistics Textbooks},
	place        = {Cambridge},
	collection   = {Institute of Mathematical Statistics Textbooks}
}
@book{scholkopf-kernels,
	title        = {{Learning with Kernels: Support Vector Machines, Regularization, Optimization, and Beyond}},
	author       = {Schölkopf, Bernhard and Smola, Alexander J.},
	year         = 2001,
	publisher    = {The MIT Press},
	isbn         = 9780262256933
}
@book{shapiro,
	title        = {Perturbation analysis of optimization problems},
	author       = {Bonnans, J Fr{\'e}d{\'e}ric and Shapiro, Alexander},
	year         = 2013,
	publisher    = {Springer Science \& Business Media}
}
@book{shawe-taylor2004,
	title        = {Kernel Methods for Pattern Analysis},
	author       = {Shawe-Taylor, John and Cristianini, Nello},
	year         = 2004,
	publisher    = {Cambridge University Press},
	place        = {Cambridge}
}
@article{smale,
	title        = {On the mathematical foundations of learning},
	author       = {Cucker, Felipe and Smale, Steve},
	year         = 2002,
	journal      = {Bulletin of the American mathematical society},
	volume       = 39,
	number       = 1,
	pages        = {1--49}
}
@inproceedings{soft-dtw,
	title        = {Soft-{DTW}: a Differentiable Loss Function for Time-Series},
	author       = {Marco Cuturi and Mathieu Blondel},
	year         = 2017,
	booktitle    = {Proceedings of the 34th International Conference on Machine Learning},
	publisher    = {Pmlr},
	series       = {Proceedings of Machine Learning Research},
	volume       = 70,
	pages        = {894--903}
}
@inproceedings{squared-neural-families,
	title        = {Squared Neural Families: A New Class of Tractable Density Models},
	author       = {Tsuchida, Russell and Ong, Cheng Soon and Sejdinovic, Dino},
	year         = 2023,
	booktitle    = {Advances in Neural Information Processing Systems},
	publisher    = {Curran Associates, Inc.},
	volume       = 36,
	pages        = {73943--73968}
}
@article{srvf,
	title        = {Shape Analysis of Elastic Curves in Euclidean Spaces},
	author       = {Srivastava, Anuj and Klassen, Eric and Joshi, Shantanu H. and Jermyn, Ian H.},
	year         = 2011,
	journal      = {IEEE Transactions on Pattern Analysis and Machine Intelligence},
	volume       = 33,
	number       = 7,
	pages        = {1415--1428}
}
@article{stokes-antibiotics,
	title        = {A Deep Learning Approach to Antibiotic Discovery},
	author       = {Stokes, Jonathan M and Yang, Kevin and Swanson, Kyle and Jin, Wengong and Cubillos-Ruiz, Andres and Donghia, Nina M and MacNair, Craig R and French, Shawn and Carfrae, Lindsey A and Bloom-Ackermann, Zohar and Tran, Victoria M and Chiappino-Pepe, Anush and Badran, Ahmed H and Andrews, Ian W and Chory, Emma J and Church, George M and Brown, Eric D and Jaakkola, Tommi S and Barzilay, Regina and Collins, James J},
	year         = 2020,
	journal      = {Cell},
	address      = {United States},
	volume       = 180,
	number       = 4,
	pages        = {688--702.e13},
}
@misc{tavenard-dtw-diff,
	title        = {Differentiability of DTW and the case of soft-DTW},
	author       = {Romain Tavenard},
	year         = 2021,
	howpublished = {\url{https://rtavenar.github.io/blog/softdtw.html}}
}
@inproceedings{thiry,
	title        = {{The Unreasonable Effectiveness of Patches in Deep Convolutional Kernels Methods}},
	author       = {Thiry, Louis and Arbel, Michael and Belilovsky, Eugene and Oyallon, Edouard},
	year         = 2021,
	booktitle    = {{International Conference on Learning Representation (ICLR 2021)}},
	address      = {Vienna (online), Austria},
	pdf          = {https://hal.science/hal-03114389/file/iclr2021_conference.pdf},
	hal_id       = {hal-03114389},
	hal_version  = {v1}
}
@book{trefethen1997numerical,
	title        = {Numerical linear algebra},
	author       = {Trefethen, Lloyd N and Bau III, David},
	year         = 1997,
	publisher    = {Siam},
	volume       = 50
}
@misc{ucr,
	title        = {The UCR Time Series Classification Archive},
	author       = {Dau, Hoang Anh and Keogh, Eamonn and Kamgar, Kaveh and Yeh, Chin-Chia Michael and Zhu, Yan and Gharghabi, Shaghayegh and Ratanamahatana, Chotirat Ann and Yanping and Hu, Bing and Begum, Nurjahan and Bagnall, Anthony and Mueen, Abdullah and Batista, Gustavo, and Hexagon-ML},
	year         = 2018
}
@article{ukf,
	title        = {Unscented filtering and nonlinear estimation},
	author       = {Julier, S.J. and Uhlmann, J.K.},
	year         = 2004,
	journal      = {Proceedings of the IEEE},
	volume       = 92,
	number       = 3,
	pages        = {401--422}
}
@inproceedings{ulysse-non-negative,
	title        = {Non-parametric Models for Non-negative Functions},
	author       = {Marteau-Ferey, Ulysse and Bach, Francis and Rudi, Alessandro},
	year         = 2020,
	booktitle    = {Advances in Neural Information Processing Systems},
	publisher    = {Curran Associates, Inc.},
	volume       = 33,
	pages        = {12816--12826}
}
@article{vacher2021dimension,
	title        = {A Dimension-free Computational Upper-bound for Smooth Optimal Transport Estimation},
	author       = {Vacher, Adrien and Muzellec, Boris and Rudi, Alessandro and Bach, Francis and Vialard, Francois-Xavier},
	year         = 2021,
	journal      = {arXiv preprint arXiv:2101.05380}
}
@article{vayer2022time,
	title        = {Time Series Alignment with Global Invariances},
	author       = {Vayer, Titouan and Tavenard, Romain and Chapel, Laetitia and Flamary, R{\'e}mi and Courty, Nicolas and Soullard, Yann},
	year         = 2022,
	journal      = {Transactions on Machine Learning Research},
}
@book{wendland2004scattered,
	title        = {Scattered data approximation},
	author       = {Wendland, Holger},
	year         = 2004,
	publisher    = {Cambridge university press},
	volume       = 17
}
@inproceedings{williams2001using,
	title        = {Using the {Nystr{\"o}m} method to speed up kernel machines},
	author       = {Williams, Christopher and Seeger, Matthias},
	year         = 2001,
	booktitle    = {Proceedings of the 14th annual conference on neural information processing systems},
	pages        = {682--688}
}
@article{wyartdiffeo,
	title        = {Relative stability toward diffeomorphisms indicates performance in deep nets},
	author       = {Petrini, Leonardo and Favero, Alessandro and Geiger, Mario and Wyart, Matthieu},
	year         = 2021,
	journal      = {Advances in Neural Information Processing Systems 34 (NeurIPS 2021)}
}
@book{younes,
	title        = {Shapes and Diffeomorphisms},
	author       = {Younes, L.},
	year         = 2010,
	publisher    = {Springer Berlin Heidelberg},
	series       = {Applied Mathematical Sciences}
}
