@InProceedings{diff-dtw,
    title	= {Differentiable Divergences Between Time Series},
    author	= {Blondel, Mathieu and Mensch, Arthur and Vert, Jean-Philippe},
    year	= {2021},
    booktitle	= {Proceedings of The 24th International Conference on Artificial Intelligence and Statistics (AISTATS)}
}
@book{shawe-taylor2004, place={Cambridge}, title={Kernel Methods for Pattern Analysis},  publisher={Cambridge University Press}, author={Shawe-Taylor, John and Cristianini, Nello}, year={2004}}


@book{oppenheim99,
  author = {Oppenheim, Alan V. and Schafer, Ronald W. and Buck, John R.},
  edition = {Second},
  publisher = {Prentice-hall Englewood Cliffs},
  title = {Discrete-Time Signal Processing},
  year = 1999
}

@article{vacher2021dimension,
  title={A Dimension-free Computational Upper-bound for Smooth Optimal Transport Estimation},
  author={Vacher, Adrien and Muzellec, Boris and Rudi, Alessandro and Bach, Francis and Vialard, Francois-Xavier},
  journal={arXiv preprint arXiv:2101.05380},
  year={2021}
}

@article{narcowich2005sobolev,
  title={Sobolev bounds on functions with scattered zeros, with applications to radial basis function surface fitting},
  author={Narcowich, Francis and Ward, Joseph and Wendland, Holger},
  journal={Mathematics of Computation},
  volume={74},
  number={250},
  pages={743--763},
  year={2005}
}

@article{rudi2021psd,
  title={{PSD} representations for effective probability models},
  author={Rudi, Alessandro and Ciliberto, Carlo},
  journal={Advances in Neural Information Processing Systems},
  volume={34},
  year={2021}
}

@article{drineas2005nystrom,
  title={On the {Nystr{\"o}m} Method for Approximating a {Gram} Matrix for Improved Kernel-Based Learning.},
  author={Drineas, Petros and Mahoney, Michael W and Cristianini, Nello},
  journal={journal of machine learning research},
  volume={6},
  number={12},
  year={2005}
}

@inproceedings{williams2001using,
  title={Using the {Nystr{\"o}m} method to speed up kernel machines},
  author={Williams, Christopher and Seeger, Matthias},
  booktitle={Proceedings of the 14th annual conference on neural information processing systems},
  pages={682--688},
  year={2001}
}

@inproceedings{rudi2015less,
  title={Less is More: Nystr{\"o}m Computational Regularization.},
  author={Rudi, Alessandro and Camoriano, Raffaello and Rosasco, Lorenzo},
  booktitle={NIPS},
  pages={1657--1665},
  year={2015}
}


@unpublished{vayer,
  TITLE = {Time Series Alignment with Global Invariances},
  AUTHOR = {Vayer, Titouan and Chapel, Laetitia and Courty, Nicolas and Flamary, R{\'e}mi and Soullard, Yann and Tavenard, Romain},
  NOTE = {preprint},
  YEAR = {2020},
  MONTH = Feb,
  HAL_ID = {hal-02473959},
  HAL_VERSION = {v1},
}

@InProceedings{align-incomparable,
  title = 	 { Aligning Time Series on Incomparable Spaces },
  author =       {Cohen, Samuel and Luise, Giulia and Terenin, Alexander and Amos, Brandon and Deisenroth, Marc},
  booktitle = 	 {Proceedings of The 24th International Conference on Artificial Intelligence and Statistics (AISTATS)},
  year = 	 {2021},
}



@InProceedings{soft-dtw,
  title = 	 {Soft-{DTW}: a Differentiable Loss Function for Time-Series},
  author =       {Marco Cuturi and Mathieu Blondel},
  booktitle = 	 {Proceedings of the 34th International Conference on Machine Learning},
  pages = 	 {894--903},
  year = 	 {2017},
  volume = 	 {70},
  series = 	 {Proceedings of Machine Learning Research},
  publisher =    {PMLR},
}




@ARTICLE{dtw,  author={Sakoe, H. and Chiba, S.},  journal={IEEE Transactions on Acoustics, Speech, and Signal Processing},   title={Dynamic programming algorithm optimization for spoken word recognition},   year={1978},  volume={26},  number={1},  pages={43-49}}


@ARTICLE{registration2,  author={Reddy, B.S. and Chatterji, B.N.},  journal={IEEE Transactions on Image Processing},   title={An {FFT}-based technique for translation, rotation, and scale-invariant image registration},   year={1996},  volume={5},  number={8},  pages={1266-1271}}

@ARTICLE{registration1,  author={De Castro, E. and Morandi, C.},  journal={IEEE Transactions on Pattern Analysis and Machine Intelligence},   title={Registration of Translated and Rotated Images Using Finite {Fourier} Transforms},   year={1987},  volume={PAMI-9},  number={5},  pages={700-703}}

@inproceedings{CKN,
 author = {Mairal, Julien and Koniusz, Piotr and Harchaoui, Zaid and Schmid, Cordelia},
 booktitle = {Advances in Neural Information Processing Systems},
 title = {Convolutional Kernel Networks},
 volume = {27},
 year = {2014}
}


@article{decoste2002training,
  title={Training invariant support vector machines},
  author={DeCoste, Dennis and Sch{\"o}lkopf, Bernhard},
  journal={Machine learning},
  volume={46},
  number={1},
  pages={161--190},
  year={2002},
  publisher={Springer}
}
@article{CKNInvariance,
  author  = {Alberto Bietti and Julien Mairal},
  title   = {Group Invariance, Stability to Deformations, and Complexity of Deep Convolutional Representations},
  journal = {Journal of Machine Learning Research},
  year    = {2019},
  volume  = {20},
  number  = {25},
  pages   = {1-49},
}

@inproceedings{mroueh2015,
 author = {Mroueh, Youssef and Voinea, Stephen and Poggio, Tomaso A},
 booktitle = {Advances in Neural Information Processing Systems},
 title = {Learning with Group Invariant Features: A Kernel Perspective.},
 volume = {28},
 year = {2015}
}


@article{haasdonk2007invariant,
  title={Invariant kernel functions for pattern analysis and machine learning},
  author={Haasdonk, Bernard and Burkhardt, Hans},
  journal={Machine learning},
  volume={68},
  number={1},
  pages={35--61},
  year={2007},
  publisher={Springer}
}


@article{kondor2008group,
  title={Group theoretical methods in machine learning},
  author={Kondor, Imre Risi},
  year={2008},
  journal={PhD thesis},
  publisher={Columbia University}
}


@ARTICLE{bruna2013invariant,  author={Bruna, Joan and Mallat, St√©phane},  journal={IEEE Transactions on Pattern Analysis and Machine Intelligence},   title={Invariant Scattering Convolution Networks},   year={2013},  volume={35},  number={8},  pages={1872-1886}}


@article{bietti2021,
  title={On the Sample Complexity of Learning under Geometric Stability},
  author={Bietti, Alberto and Venturi, Luca and Bruna, Joan},
  journal={Advances in Neural Information Processing Systems 34 (NeurIPS 2021)},
  year={2021}
}


@article{wyartdiffeo,
  title={Relative stability toward diffeomorphisms indicates performance in deep nets},
  author={Petrini, Leonardo and Favero, Alessandro and Geiger, Mario and Wyart, Matthieu},
  journal={Advances in Neural Information Processing Systems 34 (NeurIPS 2021)},
  year={2021}
}
@book{rudin1976principles,
  title={Principles of mathematical analysis},
  author={Rudin, Walter and others},
  volume={3},
  publisher={McGraw-hill New York},
  year={1976}
}
@book{benedetto2009integration,
  title={Integration and modern analysis},
  author={Benedetto, John J and Czaja, Wojciech},
  year={2009},
  publisher={Springer}
}

@book{trefethen1997numerical,
  title={Numerical linear algebra},
  author={Trefethen, Lloyd N and Bau III, David},
  volume={50},
  year={1997},
  publisher={Siam}
}

@book{aliprantis1998principles,
  title={Principles of real analysis},
  author={Aliprantis, Charalambos D and Burkinshaw, Owen},
  year={1998},
  publisher={Gulf Professional Publishing}
}

@article{rudi2020finding,
  title={Finding Global Minima via Kernel Approximations},
  author={Rudi, Alessandro and Marteau-Ferey, Ulysse and Bach, Francis},
  journal={arXiv preprint arXiv:2012.11978},
  year={2020}
}

@article{bourdaud2011composition,
  title={Composition Operators on Function Spaces with Fractional Order of Smoothness},
  author={Bourdaud, G{\'e}rard and Sickel, Winfried},
  journal={Harmonic Analysis and Nonlinear Partial Differential Equations},
  volume={26},
  pages={93--132},
  year={2011},
}

@book{runst2011sobolev,
  title={Sobolev spaces of fractional order, Nemytskij operators, and nonlinear partial differential equations},
  author={Runst, Thomas and Sickel, Winfried},
  year={2011},
  publisher={de Gruyter}
}

@book{adams2003sobolev,
  title={Sobolev spaces},
  author={Adams, Robert A and Fournier, John JF},
  year={2003},
  publisher={Elsevier}
}

@book{wendland2004scattered,
  title={Scattered data approximation},
  author={Wendland, Holger},
  volume={17},
  year={2004},
  publisher={Cambridge university press}
}


@article{aronszajn1950theory,
  title={Theory of reproducing kernels},
  author={Aronszajn, Nachman},
  journal={Transactions of the American mathematical society},
  volume={68},
  number={3},
  pages={337--404},
  year={1950}
}

@article{bruveris2017regularity,
  title={Regularity of maps between Sobolev spaces},
  author={Bruveris, Martins},
  journal={Annals of Global Analysis and Geometry},
  volume={52},
  number={1},
  pages={11--24},
  year={2017},
  publisher={Springer}
}
